@book{jazwinski1970,
  author    = {Andrew H. Jazwinski},
  title     = {Stochastic Processes and Filtering Theory},
  publisher = {Academic Press},
  year      = {1970},
  address   = {New York},
  isbn      = {9780123815505},
  note      = {Foundational reference for continuous and discrete Kalman filtering theory.}
}

@book{maybeck1979,
  author    = {Peter S. Maybeck},
  title     = {Stochastic Models, Estimation, and Control, Volume 1},
  publisher = {Academic Press},
  year      = {1979},
  address   = {New York},
  isbn      = {9780124807011},
  note      = {Defines Joseph form and canonical discrete-time Kalman filter equations.}
}

@book{crassidis2012,
  author    = {John L. Crassidis and John L. Junkins},
  title     = {Optimal Estimation of Dynamic Systems},
  edition   = {2nd},
  publisher = {CRC Press},
  year      = {2012},
  address   = {Boca Raton},
  isbn      = {9781439839850},
  note      = {Primary reference for attitude estimation and multiplicative EKF formulations.}
}

@book{brown2012,
  author    = {Robert G. Brown and Patrick Y. C. Hwang},
  title     = {Introduction to Random Signals and Applied Kalman Filtering},
  edition   = {4th},
  publisher = {Wiley},
  year      = {2012},
  address   = {Hoboken, NJ},
  isbn      = {9781118582557},
  note      = {Practical OU process modeling and covariance discretization techniques.}
}

@article{vanloan1978integrating,
  author    = {Charles F. Van Loan},
  title     = {Computing Integrals Involving the Matrix Exponential},
  journal   = {IEEE Transactions on Automatic Control},
  volume    = {23},
  number    = {3},
  pages     = {395--404},
  year      = {1978},
  doi       = {10.1109/TAC.1978.1101743},
  note      = {Defines analytic form of $Q_d$ integral used in discrete-time Kalman filters.}
}

@article{uhlenbeck1930,
  author    = {G. E. Uhlenbeck and L. S. Ornstein},
  title     = {On the Theory of the Brownian Motion},
  journal   = {Physical Review},
  volume    = {36},
  pages     = {823--841},
  year      = {1930},
  doi       = {10.1103/PhysRev.36.823},
  note      = {Original introduction of the Ornsteinâ€“Uhlenbeck process.}
}

@article{shuster1993,
  author    = {Malcolm D. Shuster},
  title     = {A Survey of Attitude Representations},
  journal   = {Journal of the Astronautical Sciences},
  volume    = {41},
  number    = {4},
  pages     = {439--517},
  year      = {1993},
  note      = {Defines quaternion small-angle error parameterization and attitude error kinematics.}
}

@article{markley2003,
  author    = {F. Landis Markley and Yang Cheng and John L. Crassidis and Yaakov Oshman},
  title     = {Quaternion Averaging},
  journal   = {Journal of Guidance, Control, and Dynamics},
  volume    = {30},
  number    = {4},
  pages     = {1193--1197},
  year      = {2007},
  doi       = {10.2514/1.28949},
  note      = {Standard reference for quaternion update and normalization logic in multiplicative filters.}
}

@article{sontag1996,
  author    = {Eduardo D. Sontag and Yuan Wang},
  title     = {New Characterizations of Input-to-State Stability},
  journal   = {IEEE Transactions on Automatic Control},
  volume    = {41},
  number    = {9},
  pages     = {1283--1294},
  year      = {1996},
  doi       = {10.1109/9.536530},
  note      = {Fundamental ISS theory applied in adaptive stability proofs.}
}

@article{jiang1997,
  author    = {Z. P. Jiang and Iven M. Y. Mareels},
  title     = {A Small-Gain Control Method for Nonlinear Systems},
  journal   = {IEEE Transactions on Automatic Control},
  volume    = {42},
  number    = {3},
  pages     = {386--398},
  year      = {1997},
  doi       = {10.1109/9.557552},
  note      = {Used for ISS and Lyapunov stability argumentation in adaptive filters.}
}
